%% This BibTeX bibliography file was created using BibDesk.
%% https://bibdesk.sourceforge.io/

%% Created for Tianyu Chen at 2024-07-30 11:16:50 -0400 


%% Saved with string encoding Unicode (UTF-8) 



@article{biba1977integrity,
	author = {Biba, Kenneth J and others},
	date-added = {2024-03-27 15:58:18 -0400},
	date-modified = {2024-03-27 15:58:18 -0400},
	publisher = {Mitre Corporation Bedford, MA},
	title = {Integrity considerations for secure computer systems},
	year = {1977}}

@article{efstathopoulos2005labels,
	author = {Efstathopoulos, Petros and Krohn, Maxwell and VanDeBogart, Steve and Frey, Cliff and Ziegler, David and Kohler, Eddie and Mazieres, David and Kaashoek, Frans and Morris, Robert},
	date-added = {2024-02-08 10:48:46 -0500},
	date-modified = {2024-02-08 10:48:46 -0500},
	journal = {ACM SIGOPS Operating Systems Review},
	number = {5},
	pages = {17--30},
	publisher = {ACM New York, NY, USA},
	title = {Labels and event processes in the Asbestos operating system},
	volume = {39},
	year = {2005}}

@inproceedings{assal2018security,
	author = {Assal, Hala and Chiasson, Sonia},
	booktitle = {Fourteenth symposium on usable privacy and security (SOUPS 2018)},
	date-added = {2024-02-01 10:51:29 -0500},
	date-modified = {2024-02-01 10:51:29 -0500},
	pages = {281--296},
	title = {Security in the software development lifecycle},
	year = {2018}}

@article{sharma2017aspects,
	author = {Sharma, Anuradha and Misra, Praveen Kumar},
	date-added = {2024-02-01 10:49:15 -0500},
	date-modified = {2024-02-01 10:49:15 -0500},
	journal = {Advances in Computational Sciences and Technology},
	number = {2},
	pages = {203--210},
	title = {Aspects of enhancing security in software development life cycle},
	volume = {10},
	year = {2017}}

@inproceedings{steward2012software,
	author = {Steward Jr, Curtis and Wahsheh, Luay A and Ahmad, Aftab and Graham, Jonathan M and Hinds, Cheryl V and Williams, Aurelia T and DeLoatch, Sandra J},
	booktitle = {2012 Ninth International Conference on Information Technology-New Generations},
	date-added = {2024-02-01 10:47:37 -0500},
	date-modified = {2024-02-01 10:47:37 -0500},
	organization = {IEEE},
	pages = {815--818},
	title = {Software security: The dangerous afterthought},
	year = {2012}}

@inproceedings{harting2021impacts,
	author = {H{\"a}rting, Ralf Christian and Kaim, Raphael and Klamm, Nicole and Kroneberg, Julian},
	booktitle = {Proceedings of Fifth International Congress on Information and Communication Technology: ICICT 2020, London, Volume 1},
	date-added = {2024-01-31 14:54:04 -0500},
	date-modified = {2024-01-31 14:54:04 -0500},
	organization = {Springer},
	pages = {238--246},
	title = {Impacts of the New General Data Protection Regulation for small-and medium-sized enterprises},
	year = {2021}}

@article{freitas2018gdpr,
	author = {Freitas, M da C and Mira da Silva, Miguel},
	date-added = {2024-01-31 14:52:29 -0500},
	date-modified = {2024-01-31 14:52:29 -0500},
	journal = {Journal of Information Systems Engineering \& Management},
	number = {4},
	pages = {30},
	title = {GDPR Compliance in SMEs: There is much to be done},
	volume = {3},
	year = {2018}}

@inproceedings{sirur2018we,
	author = {Sirur, Sean and Nurse, Jason RC and Webb, Helena},
	booktitle = {Proceedings of the 2nd International Workshop on Multimedia Privacy and Security},
	date-added = {2024-01-31 14:46:09 -0500},
	date-modified = {2024-01-31 14:46:09 -0500},
	pages = {88--95},
	title = {Are we there yet? Understanding the challenges faced in complying with the General Data Protection Regulation (GDPR)},
	year = {2018}}

@article{smirnova2024understanding,
	author = {Smirnova, Yelena and Travieso-Morales, Victoriano},
	date-added = {2024-01-31 14:34:08 -0500},
	date-modified = {2024-01-31 14:34:08 -0500},
	journal = {International Journal of Law and Management},
	publisher = {Emerald Publishing Limited},
	title = {Understanding challenges of GDPR implementation in business enterprises: a systematic literature review},
	year = {2024}}

@inproceedings{paquet2017can,
	author = {Paquet-Clouston, Masarah and Bilodeau, Olivier and D{\'e}cary-H{\'e}tu, David},
	booktitle = {Proceedings of the 8th international conference on social media \& society},
	date-added = {2024-01-31 12:37:07 -0500},
	date-modified = {2024-01-31 12:37:07 -0500},
	pages = {1--9},
	title = {Can we trust social media data? social network manipulation by an iot botnet},
	year = {2017}}

@article{pfeffer2018tampering,
	author = {Pfeffer, J{\"u}rgen and Mayer, Katja and Morstatter, Fred},
	date-added = {2024-01-31 12:36:40 -0500},
	date-modified = {2024-01-31 12:36:40 -0500},
	journal = {EPJ Data Science},
	number = {1},
	pages = {50},
	publisher = {Springer Berlin Heidelberg},
	title = {Tampering with Twitter's sample API},
	volume = {7},
	year = {2018}}

@inproceedings{seh2020healthcare,
	author = {Seh, Adil Hussain and Zarour, Mohammad and Alenezi, Mamdouh and Sarkar, Amal Krishna and Agrawal, Alka and Kumar, Rajeev and Ahmad Khan, Raees},
	booktitle = {Healthcare},
	date-added = {2024-01-31 12:09:00 -0500},
	date-modified = {2024-01-31 12:09:00 -0500},
	number = {2},
	organization = {MDPI},
	pages = {133},
	title = {Healthcare data breaches: insights and implications},
	volume = {8},
	year = {2020}}

@inproceedings{gonzalez2019global,
	author = {Gonz{\'a}lez, Felipe and Yu, Yihan and Figueroa, Andrea and L{\'o}pez, Claudia and Aragon, Cecilia},
	booktitle = {Companion Proceedings of the 2019 world wide web conference},
	date-added = {2024-01-31 12:01:09 -0500},
	date-modified = {2024-01-31 12:01:09 -0500},
	pages = {799--806},
	title = {Global reactions to the cambridge analytica scandal: A cross-language social media study},
	year = {2019}}

@article{kitchgaessner2017cambridge,
	author = {Kitchgaessner, S},
	date-added = {2024-01-31 11:33:39 -0500},
	date-modified = {2024-01-31 11:33:39 -0500},
	journal = {The Guardian},
	title = {Cambridge Analytica used data from Facebook and Politico to help Trump},
	volume = {26},
	year = {2017}}

@article{cadwalladr2018facebook,
	author = {Cadwalladr, Carole},
	date-added = {2024-01-31 11:33:15 -0500},
	date-modified = {2024-01-31 11:33:15 -0500},
	journal = {The Guardian},
	title = {Facebook suspends data firm hired by Vote Leave over alleged Cambridge Analytica ties},
	year = {2018}}

@article{hinds2020wouldn,
	author = {Hinds, Joanne and Williams, Emma J and Joinson, Adam N},
	date-added = {2024-01-31 11:31:40 -0500},
	date-modified = {2024-01-31 11:31:40 -0500},
	journal = {International Journal of Human-Computer Studies},
	pages = {102498},
	publisher = {Elsevier},
	title = {``It wouldn't happen to me'': Privacy concerns and perspectives following the Cambridge Analytica scandal},
	volume = {143},
	year = {2020}}
